@book{ob:hechtoptics,
      author = "Hecht, E.",
      title = "Optics",
      publisher = "Addison-Wesley",
      year =  1998,
      edition = 4
}